
@article{bitcoin,
  title={Bitcoin: A peer-to-peer electronic cash system},
  author={Nakamoto, Satoshi},
  journal={Consulted},
  volume={1},
  pages={2012},
  year={2008}
}

@misc{namecoin,
	title ={Namecoin},
	howpublished= {\url{https://github.com/vinced/namecoin}},
	note = {Accessed: 11/29/2013 }
}


@INPROCEEDINGS{bitdiff, 
	author={Bedford Taylor, Michael}, 
	booktitle={Compilers, Architecture and Synthesis for Embedded Systems (CASES), 2013 International Conference on}, 
	title={Bitcoin and the age of Bespoke Silicon}, 
	year={2013}, 
	pages={1-10}, 
	keywords={Application specific integrated circuits;Data mining;Exchange rates;Field programmable gate arrays;Graphics processing units;Hardware;Technological innovation;Bitcoin;Dark Silicon;Specialization}, 
	doi={10.1109/CASES.2013.6662520},}

