@inproceedings{saad2011detecting,
  title={Detecting P2P botnets through network behavior analysis and machine learning},
  author={Saad, Sherif and Traore, Issa and Ghorbani, Ali and Sayed, Bassam and Zhao, David and Lu, Wei and Felix, John and Hakimian, Payman},
  booktitle={Privacy, Security and Trust (PST), 2011 Ninth Annual International Conference on},
  pages={174--180},
  year={2011},
  organization={IEEE}
}