@inproceedings{pappas2006comparative,
  title={A Comparative Study of the DNS Design with DHT-Based Alternatives.},
  author={Pappas, Vasileios and Massey, Daniel and Terzis, Andreas and Zhang, Lixia},
  booktitle={INFOCOM},
  volume={6},
  pages={1--13},
  year={2006}
}

@incollection{cox2002serving,
	title={Serving DNS using a peer-to-peer lookup service},
	author={Cox, Russ and Muthitacharoen, Athicha and Morris, Robert T},
	booktitle={Peer-to-Peer Systems},
	pages={155--165},
	year={2002},
	publisher={Springer}
}

@article{ramasubramanian2004design,
	title={The design and implementation of a next generation name service for the internet},
	author={Ramasubramanian, Venugopalan and Sirer, Emin G{\"u}n},
	journal={ACM SIGCOMM Computer Communication Review},
	volume={34},
	number={4},
	pages={331--342},
	year={2004},
	publisher={ACM}
}


@article{sopa,
	title={Stop online piracy act},
	author={Smith, Lamar},
	journal={US Government.[Links]},
	year={2011}
}

@inproceedings{pipa,
	title={Preventing Real Online Threats to Economic Creativity and Theft of Intellectual Property Act of 2011. S. 968},
	author={PROTECT, IP},
	booktitle={112th Congress, 1st Session, May},
	volume={26},
	year={2011}
}

@article{mockapetris2003rfc,
	title={RFC 1034: Domain names: concepts and facilities (November 1987)},
	author={Mockapetris, Paul},
	journal={Status: Standard},
	year={2003}
}


@article{mockapetris2004rfc,
	title={RFC 1035: Domain names: implementation and specification (November 1987)},
	author={Mockapetris, Paul},
	journal={\url{http://www. ietf. org/rfc/rfc1035.txt}},
	year={2004}
}


@article{blacka2013clarifications,
	title={Clarifications and Implementation Notes for DNS Security (DNSSEC)},
	author={Blacka, David and Weiler, Samuel},
	year={2013}
}


@article{crocker2011security,
	title={Security and Other Technical Concerns Raised by the DNS Filtering Requirements in the PROTECT IP Bill},
	author={Crocker, Steve and Dagon, David and Kaminsky, Dan and McPherson, DKH Danny and Vixie, Paul},
	journal={White Paper},
	year={2011}
}


@article{inject,
	title={Measurement of Globally Visible DNS Injection},
	author={Wander, Matth{\"a}us and Boelmann, Christopher and Schwittmann, Lorenz and Weis, Torben}
}

@article{lemley2011don,
	title={Don't break the Internet},
	author={Lemley, Mark and Levine, David and Post, David},
	journal={Stanford Law Review Online},
	volume={64},
	pages={34},
	year={2011}
}

