

@inproceedings{ara-ants,
  title={ARA-the ant-colony based routing algorithm for MANETs},
  author={Gunes, Mesut and Sorges, Udo and Bouazizi, Imed},
  booktitle={Parallel Processing Workshops, 2002. Proceedings. International Conference on},
  pages={79--85},
  year={2002},
  organization={IEEE}
}


@article{singh2012ant,
	title={Ant colony algorithms in MANETs: A review},
	author={Singh, Gurpreet and Kumar, Neeraj and Kumar Verma, Anil},
	journal={Journal of Network and Computer Applications},
	volume={35},
	number={6},
	pages={1964--1972},
	year={2012},
	publisher={Elsevier}
}

@article{correia2010simple,
	title={Simple ant routing algorithm strategies for a (Multipurpose) MANET model},
	author={Correia, Fernando and Vaz{\~a}o, Teresa},
	journal={Ad Hoc Networks},
	volume={8},
	number={8},
	pages={810--823},
	year={2010},
	publisher={Elsevier}
}


@book{wu2004handbook,
	title={Handbook on theoretical and algorithmic aspects of sensor, ad hoc wireless, and peer-to-peer networks},
	author={Wu, Jie},
	year={2004},
	publisher={CRC Press}
}


@inproceedings{karp2000gpsr,
	title={GPSR: Greedy perimeter stateless routing for wireless networks},
	author={Karp, Brad and Kung, Hsiang-Tsung},
	booktitle={Proceedings of the 6th annual international conference on Mobile computing and networking},
	pages={243--254},
	year={2000},
	organization={ACM}
}

