

@article{mapreduce,
  title={MapReduce: {S}implified {D}ata {P}rocessing on {L}arge {C}lusters},
  author={Dean, Jeffrey and Ghemawat, Sanjay},
  journal={Communications of the ACM},
  volume={51},
  number={1},
  pages={107--113},
  year={2008},
  publisher={ACM}
}


@inproceedings{shvachko2010hadoop,
  title={The {H}adoop {D}istributed {F}ile {S}ystem},
  author={Shvachko, Konstantin and Kuang, Hairong and Radia, Sanjay and Chansler, Robert},
  booktitle={Mass Storage Systems and Technologies (MSST), 2010 IEEE 26th Symposium on},
  pages={1--10},
  year={2010},
  organization={IEEE}
}


@misc{hadoop,
	title={Hadoop},
	note = {http://hadoop.apache.org/}
}

@article{marozzo2012p2p,
    title={P2{P}-{M}ap{R}educe: {P}arallel {D}ata {P}rocessing in {D}ynamic {C}loud {E}nvironments},
    author={Marozzo, Fabrizio and Talia, Domenico and Trunfio, Paolo},
    journal={Journal of Computer and System Sciences},
    volume={78},
    number={5},
    pages={1382--1402},
    year={2012},
    publisher={Elsevier}
}


@INPROCEEDINGS{leemap, 
    author={Kyungyong Lee and Tae Woong Choi and Ganguly, A. and Wolinsky, D.I. and Boykin, P.O. and Figueiredo, R.}, 
    booktitle={Parallel and Distributed Processing Workshops and Phd Forum (IPDPSW), 2011 IEEE International Symposium on}, 
    title={Parallel {P}rocessing {F}ramework on a {P}2{P} {S}ystem {U}sing {M}ap and {R}educe {P}rimitives}, 
    year={2011}, 
    pages={1602-1609}, 
    keywords={functional programming;multicast communication;parallel processing;pattern clustering;peer-to-peer computing;processor scheduling;tree data structures;Brunet P2P system;P2P nodes;PlanetLab;distributed K-Means clustering;distribution latency cost;functional programming models;map primitives;multicast method;parallel processing framework;reduce primitives;remote procedure call invocations;self-organizing multicast tree;structured peer-to-peer networks;task processing;Clustering algorithms;Data mining;Google;Monitoring;Parallel processing;Peer to peer computing;Routing}, 
    doi={10.1109/IPDPS.2011.315}, 
    ISSN={1530-2075},
}



@misc{hadoopAssumptions,
	title = {Virtual Hadoop},
	author = Apache,
	note = {http://wiki.apache.org/hadoop/Virtual%20Hadoop}
}

@article{hadoop-bottle,
	title={{HDFS} {S}calability: {T}he {L}imits to {G}rowth},
	author={Shvachko, Konstantin V},
	journal={login},
	volume={35},
	number={2},
	pages={6--16},
	year={2010}
}

@article{hdfs,
	title={The {H}adoop {D}istributed {F}ile {S}ystem: {A}rchitecture and {D}esign},
	author={Borthakur, Dhruba},
	year={2007}
}


@inproceedings{pavlo2009comparison,
	title={A comparison of approaches to large-scale data analysis},
	author={Pavlo, Andrew and Paulson, Erik and Rasin, Alexander and Abadi, Daniel J and DeWitt, David J and Madden, Samuel and Stonebraker, Michael},
	booktitle={Proceedings of the 2009 ACM SIGMOD International Conference on Management of data},
	pages={165--178},
	year={2009},
	organization={ACM}
}

@article{mrsurvey,
	title={Parallel data processing with MapReduce: a survey},
	author={Lee, Kyong-Ha and Lee, Yoon-Joon and Choi, Hyunsik and Chung, Yon Dohn and Moon, Bongki},
	journal={ACM SIGMOD Record},
	volume={40},
	number={4},
	pages={11--20},
	year={2012},
	publisher={ACM}
}


@MISC{amazon-instances,
	author = {Amazon.com},
	title = {Amazon {EC}2 {I}nstances},
	note  = {http://aws.amazon.com/ec2/instance-types}
}

@ARTICLE{jxta, 
	author={Li Gong}, 
	journal={Internet Computing, IEEE}, 
	title={{JXTA: A Network Programming Environment}}, 
	year={2001}, 
	volume={5}, 
	number={3}, 
	pages={88-95}, 
	keywords={distributed programming;open systems;programming environments;protocols;software packages;JXTA;Sun Microsystems;distributed computing;heterogeneous devices;interoperability;network programming environment;network programming platform;peer-to-peer computing;peer-to-peer networking;protocols;software stacks;Bandwidth;Computer industry;Computer networks;Distributed computing;Internet;Peer to peer computing;Programming environments;Search engines;Space technology;Sun}, 
	doi={10.1109/4236.935182}, 
	ISSN={1089-7801},}